@article{Hall_1897,
    ISSN = {00029327, 10806377},
    URL = {http://www.jstor.org/stable/2369245},
    author = {E. H. Hall},
    journal = {American Journal of Mathematics},
    number = {3},
    pages = {287--292},
    publisher = {Johns Hopkins University Press},
    title = {On a New Action of the Magnet on Electric Currents},
    urldate = {2022-05-17},
    volume = {2},
    year = {1879}
}

