@software{pivarski_jim_2018_6522027,
  author       = {Pivarski, Jim and
                  Osborne, Ianna and
                  Ifrim, Ioana and
                  Schreiner, Henry and
                  Hollands, Angus and
                  Biswas, Anish and
                  Das, Pratyush and
                  Roy Choudhury, Santam and
                  Smith, Nicholas},
  title        = {Awkward Array},
  month        = oct,
  year         = 2018,
  note         = {If you use this software, please cite it as below.},
  publisher    = {Zenodo},
  version      = {1.9.0rc4},
  doi          = {10.5281/zenodo.6522027},
  url          = {https://doi.org/10.5281/zenodo.6522027}
}