@software{rene_brun_2019_3895860,
  author       = {Rene Brun and
                  Fons Rademakers and
                  Philippe Canal and
                  Axel Naumann and
                  Olivier Couet and
                  Lorenzo Moneta and
                  Vassil Vassilev and
                  Sergey Linev and
                  Danilo Piparo and
                  Gerardo GANIS and
                  Bertrand Bellenot and
                  Enrico Guiraud and
                  Guilherme Amadio and
                  wverkerke and
                  Pere Mato and
                  TimurP and
                  Matev≈æ Tadel and
                  wlav and
                  Enric Tejedor and
                  Jakob Blomer and
                  Andrei Gheata and
                  Stephan Hageboeck and
                  Stefan Roiser and
                  marsupial and
                  Stefan Wunsch and
                  Oksana Shadura and
                  Anirudha Bose and
                  CristinaCristescu and
                  Xavier Valls and
                  Raphael Isemann},
  title        = {root-project/root: v6.18/02},
  month        = aug,
  year         = 2019,
  publisher    = {Zenodo},
  version      = {v6-18-02},
  doi          = {10.5281/zenodo.3895860},
  url          = {https://doi.org/10.5281/zenodo.3895860}
}