@software{jim_pivarski_2022_6540484,
  author       = {Jim Pivarski and
                  Henry Schreiner and
                  Nicholas Smith and
                  Dmitry Kalinkin and
                  Chris Burr and
                  Giordon Stark and
                  Nikolai Hartmann and
                  Doug Davis and
                  Jonas RÃ¼benach and
                  Ryunosuke O'Neil and
                  Andrzej Novak and
                  Ben Greiner and
                  Benjamin Tovar and
                  Beojan Stanislaus and
                  ChristopheRappold and
                  Cosmin Deaconu and
                  Daniel Cervenkov and
                  Duncan Macleod and
                  Josh Bendavid and
                  Kilian Lieret and
                  Mason Proffitt and
                  Michele Peresano and
                  Peter Fackeldey and
                  Raymond Ehlers and
                  Ruggero Turra and
                  Tamas Gal and
                  Alexander Held and
                  mpad},
  title        = {scikit-hep/uproot4: 4.2.3},
  month        = may,
  year         = 2022,
  publisher    = {Zenodo},
  version      = {4.2.3},
  doi          = {10.5281/zenodo.6540484},
  url          = {https://doi.org/10.5281/zenodo.6540484}
}